\usepackage{url}
@book{bisseling2004parallel,
  title={Parallel scientific computation},
  author={Bisseling, Rob H},
  year={2004},
  publisher={Oxford University Press}
  pages={166}
}
